<?xml version="1.0" encoding="UTF-8"?><collection xmlns="http://www.loc.gov/MARC21/slim"><record><leader>00558nam--2200205-i-4500</leader><controlfield tag="001">000011745</controlfield><controlfield tag="002">20161230</controlfield><controlfield tag="005">20161230201029</controlfield><controlfield tag="008">060222s1000------------r-----000-0-eng-d</controlfield><datafield ind1=" " ind2=" " tag="020"><subfield code="a">0125226608</subfield></datafield><datafield ind1=" " ind2=" " tag="040"><subfield code="a">IFIN-HH</subfield></datafield><datafield ind1=" " ind2=" " tag="080"><subfield code="a">539.219.3</subfield></datafield><datafield ind1="1" ind2=" " tag="100"><subfield code="a">Nowick, A.S</subfield></datafield><datafield ind1="1" ind2="0" tag="245"><subfield code="a">Diffusion in solids</subfield><subfield code="b">Recent developments</subfield><subfield code="c">A.s. nowick, j.j burton</subfield></datafield><datafield ind1=" " ind2=" " tag="260"><subfield code="a">New York</subfield><subfield code="b">Academic Press</subfield><subfield code="c">1975</subfield></datafield><datafield ind1=" " ind2=" " tag="300"><subfield code="a">XII+491P</subfield></datafield><datafield ind1=" " ind2=" " tag="490"><subfield code="a">Materials Science And Technology</subfield></datafield><datafield ind1="1" ind2=" " tag="700"><subfield code="a">Burton, James J</subfield></datafield><datafield ind1=" " ind2=" " tag="852"><subfield code="a">43310</subfield><subfield code="c">539.217</subfield></datafield><datafield ind1=" " ind2=" " tag="CAT"><subfield code="a">Sys</subfield><subfield code="c">20121210</subfield><subfield code="h">154346</subfield></datafield></record></collection>